@online {afc-git,
    title = {AFC GitHub repository},
    url = {https://www.ohwr.org/projects/afc/wiki},
    urldate = {2018-08-21}
}

@online {afc-ohwr,
    title = {AFC wiki page at the Open Hardware Repository},
    url = {https://www.ohwr.org/projects/afc/wiki},
    urldate = {2018-08-21}
}

@online {fmc-pof-git,
    title = {FMC-POF GitHub repository},
    url = {https://github.com/lnls-dig/fmc-5POF-hw},
    urldate = {2018-08-21}
}

@online {rtm-sfp-git,
    title = {RTM-SFP GitHub repository},
    url = {https://github.com/lnls-dig/utca-rtm-8-sfp-hw},
    urldate = {2018-08-21}
}

@online {rtm-sfp-ohwr,
    title = {RTM-SFP wiki page at the Open Hardware Repository},
    url = {https://www.ohwr.org/projects/utca-rtm-8-sfp/wiki/},
    urldate = {2018-08-21}
}

@online {spec,
    title = {SPEC wiki page at the Open Hardware Repository},
    url = {https://www.ohwr.org/projects/spec/wiki},
    urldate = {2018-08-21}
}

@online {ebpm,
    title = {BPM wiki page at the Open Hardware Repository},
    url = {https://www.ohwr.org/projects/bpm/wiki},
    urldate = {2018-08-21}
}

@online {epics,
    title = {EPICS - Experimental Physics and Industrial Control System},
    url = {https://epics.anl.gov/},
    urldate = {2018-08-21}
}

@online {sinap-timing-epics-ioc,
    title = {sinap-timing-epics-ioc GitHub repository},
    url = {https://github.com/lnls-dig/sinap-timing-epics-ioc},
    urldate = {2018-08-21}
}

@online {tim-rx-epics-ioc,
    title = {tim-rx-epics-ioc GitHub repository},
    url = {https://github.com/lnls-dig/tim-rx-epics-ioc},
    urldate = {2018-08-21}
}

@inproceedings {halcs_icalepcs17,
  title        = {{S}oftware and {G}ateware {D}evelopment for {S}irius {BPM} {E}lectronics {U}sing a {S}ervice{-O}riented {A}rchitecture},
  author       = {L.M. Russo},
  booktitle    = {Proc. of International Conference on Accelerator and Large Experimental Control Systems (ICALEPCS'17)},
  address = {Barcelone, Spain},
  month = {October},
  year = {2017}
}

@inproceedings {halcs_pcapac16,
    title = {{G}ateware and {S}oftware {F}rameworks for {S}irius {BPM} {E}lectronics},
    author = {Russo, L. M. and Filho, J. V. F.},
    booktitle = {Proc. 7th Int. Particle Accelerator Conf. (PCaPAC'16)},
    address = {Campinas, Brazil},
    month = {October},
    year = {2016}
}

@inproceedings {ebpm_icalepcs13,
    title = {Development of an Open-Source Hardware Platform for Sirius BPM and Orbit Feedback},
    author = {Tavares, D. O. and Baron, R. A. and Cardoso, F. H. and Marques, S. R. and Russo, L. M. and Byszuk, A. P. and Kasprowicz, G. and Woje≈Ñski, A. J.},
    booktitle = {Proc. 14th Int. Conf. on Accelerator and Large Experimental Physics Control Systems (ICALEPCS'13)},
    pages = {1036--1039},
    address = {San Francisco, USA},
    month = {October},
    year = {2013}
}

@inproceedings {timing_icalepcs15,
    title = {Status and Development of Sirius Timing System},
    author = {Brito, J. L. N. and Marques, S. R. and Tavares, D. O. and Martins, L. A.},
    booktitle = {Proc. 15th Int. Conf. on Accelerator and Large Experimental Physics Control Systems (ICALEPCS'15)},
    pages = {1007--1010},
    address = {Melbourne, Australia},
    month = {October},
    year = {2015}
}

@inproceedings {dmtd,
    title = {Status and Development of Sirius Timing System},
    author = {Brito Neto, J. L. and Marques, S. R. and Tavares, D. O. and Martins, L. A.},
    booktitle = {Proc. 15th Int. Conf. on Accelerator and Large Experimental Physics Control Systems (ICALEPCS'15)},
    pages = {1007--1010},
    address = {Melbourne, Australia},
    month = {October},
    year = {2015}
}

@inproceedings{allan1975picosecond,
  title={Picosecond time difference measurement system},
  author={Allan, David W and Daams, Herman},
  booktitle={29th Annual Symposium on Frequency Control},
  pages={404--411},
  year={1975}
}

@INPROCEEDINGS{digital-dmtd,
author={P. Moreira and P. Alvarez and J. Serrano and I. Darwezeh and T. Wlostowski},
booktitle={2010 IEEE International Frequency Control Symposium},
title={Digital dual mixer time difference for sub-nanosecond time synchronization in Ethernet},
year={2010},
volume={},
number={},
pages={449-453},
keywords={flip-flops;local area networks;mixers (circuits);phase detectors;phase noise;synchronisation;digital dual mixer time difference;subnanosecond time synchronization;ethernet;DMTD architecture;subpicoseconds range;intrinsic phase noise;timing signals;clock phase noise;synchronization network;data network;flip-flops;phase frequency detector;Timing;Phase measurement;Phase frequency detector;Time frequency analysis;Accuracy;Clocks},
doi={10.1109/FREQ.2010.5556289},
ISSN={2327-1949},
month={June},}

@inproceedings {sirius_ipac16,
    title = {A New Optics for Sirius},
    author = {Liu, L. and de S{\'a}, F. H. and Resende, X. R.},
    booktitle = {Proc. 7th Int. Particle Accelerator Conf. (IPAC'16)},
    pages = {3413--3416},
    address = {Busan, Korea},
    month = {May},
    year = {2016}
}

@inproceedings{rodrigues2016sirius,
  	title = {Sirius status report},
  	author = {Rodrigues, Antonio and Rodrigues, Cleber and Arroyo, Fabio and Marques, Sergio and Farias, Ruy and Rodrigues, Fl{\'a}vio and Citadini, James and Bagnato, Osmar and Seraphim, Rafael and Liu, Lin and others},
  	booktitle = {Proc. 7th Int. Particle Accelerator Conf. (IPAC'16)},
    address = {Busan, Korea},
    month = {May},
  	year = {2016}
}
